@online{AMERICAN_CANCER_SOCIETY,
    author = {AMERICAN CANCER SOCIETY},
    title = {About breast cancer},
    year = {2022},
    url = {https://www.cancer.org/cancer/breast-cancer/about/what-is-breast-cancer.html}
}